%% Created using Papers on Wed, 08 May 2013.
%% http://mekentosj.com/papers/

@article{Wenzel2000,
author = {Wenzel, Bernd and L{\'e}cuyer, Christophe and Joachimski, Michael M},
title = {{Comparing oxygen isotope records of silurian calcite and phosphate---δ18O compositions of brachiopods and conodonts}},
journal = {Geochimica et Cosmochimica Acta},
year = {2000},
volume = {64},
number = {11},
pages = {1859--1872},
month = jun
}

@article{Bickert1997,
author = {Bickert, T. and P{\"a}tzold, J. and Samtleben, C. and Munnecke, A.},
title = {{Paleoenvironmental changes in the Silurian indicated by stable isotopes in brachiopod shells from Gotland, Sweden}},
journal = {Geochimica et Cosmochimica Acta},
year = {1997},
volume = {61},
number = {13},
pages = {2717--2730}
}

@article{Riding1991,
author = {Riding, Robert and Watts, Nigel R},
title = {{The lower Wenlock reef sequence of Gotland: Facies and lithostratigraphy}},
journal = {Geologiska Foereningan i Stockholm. Foerhandlingar},
year = {1991},
volume = {113},
number = {4},
pages = {343--372},
month = dec
}

@article{Calner2004a,
author = {Calner, M. and Jeppsson, L. and Munnecke, A.},
title = {{Field Guide to the Silurian of Gotland - Part I}},
journal = {Erlanger geologische Abhandlungen},
year = {2004},
volume = {5},
pages = {113--131},
month = sep
}

@article{Azmy1998,
author = {Azmy, K. and Veizer, J. and Bassett, M.G. and Copper, P.},
title = {{Oxygen and carbon isotopic composition of Silurian brachiopods: implications for coeval seawater and glaciations}},
journal = {Geological Society of America Bulletin},
year = {1998},
volume = {110},
number = {11},
pages = {1499--1512}
}

@article{Eiler2011,
author = {Eiler, John M},
title = {{Paleoclimate reconstruction using carbonate clumped isotope thermometry}},
journal = {Quaternary Science Reviews},
year = {2011},
volume = {30},
number = {25-26},
pages = {3575--3588},
month = dec
}

@article{Muehlenbachs1998,
author = {Muehlenbachs, K},
title = {{The oxygen isotopic composition of the oceans, sediments and the seafloor}},
journal = {Chemical Geology},
year = {1998},
volume = {145},
number = {3},
pages = {263--273}
}

@article{Schmahl2004,
author = {Schmahl, W W and Griesshaber, E and Neuser, R and Lenze, A and Reinhart, JOB and Brand, U.},
title = {{The microstructure of the fibrous layer of terebratulide brachiopod shell calcite}},
journal = {European journal of mineralogy},
year = {2004},
volume = {16},
number = {4},
pages = {693--697}
}

@article{Brand2006,
author = {Brand, Uwe and Azmy, Karem and Veizer, J{\'a}n},
title = {{Evaluation of the Salinic I tectonic, Canca{\~n}iri glacial and Ireviken biotic events: Biochemostratigraphy of the Lower Siluriansuccession in the Niagara Gorge area, Canada and U.S.A.}},
journal = {Palaeogeography, Palaeoclimatology, Palaeoecology},
year = {2006},
volume = {241},
number = {2},
pages = {192--213},
month = nov
}

@book{Epstein1976,
author = {Epstein, Anita G and Epstein, Jack Burton and Harris, Leonard D},
title = {{Conodont color alteration: an index to organic metamorphism}},
publisher = {US Government Printing Office, Washington, DC},
year = {1976}
}

@article{Calner2004b,
author = {Calner, M. and Jeppsson, L. and Munnecke, A.},
title = {{Field Guide to the Silurian of Gotland - Part II}},
journal = {Erlanger geologische Abhandlungen},
year = {2004},
volume = {5},
pages = {133--151},
month = sep
}

@article{Brand2003,
author = {Brand, Uwe},
title = {{Geochemistry of modern brachiopods: applications and implications for oceanography and paleoceanography}},
journal = {Chemical Geology},
year = {2003},
volume = {198},
number = {3-4},
pages = {305--334},
month = aug
}

@article{Fornari1995,
author = {Fornari, Daniel J and Embley, Robert W},
title = {{Tectonic and volcanic controls on hydrothermal processes at the mid-ocean ridge: An overview based on near-bottom and submersible studies}},
journal = {Geophysical Monograph Series},
year = {1995},
volume = {91},
pages = {1--46}
}

@article{Munnecke2003,
author = {Munnecke, Axel and Samtleben, Christian and Bickert, Torsten},
title = {{The Ireviken Event in the lower Silurian of Gotland, Sweden -- relation to similar Palaeozoic and Proterozoic events}},
journal = {Palaeogeography, Palaeoclimatology, Palaeoecology},
year = {2003},
volume = {195},
number = {1-2},
pages = {99--124},
month = jun
}

@article{Karhu1986,
author = {Karhu, J and Epstein, S},
title = {{The implication of the oxygen isotope records in coexisting cherts and phosphates}},
journal = {Geochimica et Cosmochimica Acta},
year = {1986},
volume = {50},
number = {8},
pages = {1745--1756}
}

@article{Wallmann2001,
author = {Wallmann, Klaus},
title = {{The geological water cycle and the evolution of marine δ 18 O values}},
journal = {Geochimica et Cosmochimica Acta},
year = {2001},
volume = {65},
number = {15},
pages = {2469--2485}
}

@incollection{Calner2008,
author = {Calner, Mikael},
title = {{Silurian global events--at the tipping point of climate change}},
booktitle = {Mass Extinction},
year = {2008},
editor = {Elewa, Ashraf M T},
pages = {21--57},
publisher = {Springer-Verlag}
}

@article{Gregory1991,
author = {Gregory, R T},
title = {{Oxygen isotope history of seawater revisited: Timescales for boundary event changes in the oxygen isotope composition of seawater}},
journal = {Stable Isotope Geochemistry: A Tribute to Samuel Epstein},
year = {1991},
pages = {65--76}
}

@article{Veizer1999,
author = {Veizer, J. and Ala, D and Azmy, K. and Bruckschen, P and Buhl, D and Bruhn, F and Carden, G A F and Diener, A and Ebneth, S and Godderis, Y},
title = {{87Sr/86Sr, δ13C and δ18O evolution of Phanerozoic seawater}},
journal = {Chemical Geology},
year = {1999},
volume = {161},
number = {1},
pages = {59--88}
}

@article{Keith1964,
author = {Keith, M L and Weber, J N},
title = {{Carbon and oxygen isotopic composition of selected limestones and fossils}},
journal = {Geochimica et Cosmochimica Acta},
year = {1964},
volume = {28},
number = {10},
pages = {1787--1816}
}

@article{Veizer1986,
author = {Veizer, J{\'a}n and Fritz, Peter and Jones, Brian},
title = {{Geochemistry of brachiopods: Oxygen and carbon isotopic records of Paleozoic oceans}},
journal = {Geochimica et Cosmochimica Acta},
year = {1986},
volume = {50},
number = {8},
pages = {1679--1696}
}

@article{Tajika1993,
author = {Tajika, Eiichi and Matsui, Takafumi},
title = {{Evolution of seafloor spreading rate based on 40Ar degassing history}},
journal = {Geophysical Research Letters},
year = {1993},
volume = {20},
number = {9},
pages = {851--854}
}

@article{PerezHuerta2007,
author = {P{\'e}rez Huerta, A and Cusack, M and England, J},
title = {{Crystallography and diagenesis in fossil craniid brachiopods}},
journal = {Palaeontology},
year = {2007},
volume = {50},
number = {4},
pages = {757--763}
}

@article{Urey1947,
author = {Urey, H C},
title = {{The thermodynamic properties of isotopic substances}},
journal = {Journal of the Chemical Society (Resumed)},
year = {1947},
pages = {562--581}
}

@article{Came2007,
author = {Came, Rosemarie E and Eiler, John M and Veizer, J{\'a}n and Azmy, Karem and Brand, Uwe and Weidman, Christopher R},
title = {{Coupling of surface temperatures and atmospheric CO2 concentrations during the Palaeozoic era}},
journal = {Nature},
year = {2007},
volume = {449},
number = {7159},
pages = {198--201},
month = sep
}

@article{Grossman1996,
author = {Grossman, E L and Mii, H S and Zhang, C and Yancey, T E},
title = {{Chemical variation in Pennsylvanian brachiopod shells; diagenetic, taxonomic, microstructural, and seasonal effects}},
journal = {Journal of sedimentary research},
year = {1996},
volume = {66},
number = {5},
pages = {1011--1022}
}

@article{Grossman2012,
author = {Grossman, E L},
title = {{APPLYING OXYGEN ISOTOPE PALEOTHERMOMETRY IN DEEP TIME}},
journal = {Reconstructing Earth's Deep-Time Climate---The {\ldots}},
year = {2012}
}

@article{Jaffres2007,
author = {Jaffr{\'e}s, Jasmine B D and Shields, Graham A and Wallmann, Klaus},
title = {{The oxygen isotope evolution of seawater: A critical review of a long-standing controversy and an improved geological water cycle model for the past 3.4 billion years}},
journal = {Earth-Science Reviews},
year = {2007},
volume = {83},
number = {1-2},
pages = {83--122},
month = jul
}

@article{Jeppsson1997,
author = {Jeppsson, Lennart},
title = {{A new latest Telychian, Sheinwoodian and Early Homerian (Early Silurian) standard conodont zonation}},
journal = {TRANSACTIONS-ROYAL SOCIETY OF EDINBURGH},
year = {1997},
volume = {88},
pages = {91--114}
}

@article{Clayton1959,
author = {Clayton, Robert N and Degens, Egon T},
title = {{Use of Carbon Isotope Analyses of Carbonates for Differentiating Fresh-Water and Marine Sediments}},
journal = {AAPG Bulletin},
year = {1959},
volume = {43},
number = {4},
pages = {890--897}
}

@article{Reynolds1994,
author = {Reynolds, Richard W and Smith, Thomas M},
title = {{Improved global sea surface temperature analyses using optimum interpolation}},
journal = {Journal of climate},
year = {1994},
volume = {7},
number = {6},
pages = {929--948}
}

@article{Jeppsson1983,
author = {Jeppsson, Lennart},
title = {{Silurian conodont faunas from Gotland}},
journal = {Fossils and Strata},
year = {1983},
volume = {15},
pages = {121--144}
}

@article{Brand2012,
author = {Brand, Uwe and Jiang, Ganqing and Azmy, Karem and Bishop, James and Monta{\~n}ez, Isabel P},
title = {{Diagenetic evaluation of a Pennsylvanian carbonate succession (Bird Spring Formation, Arrow Canyon, Nevada, U.S.A.) --- 1: Brachiopod and whole rock comparison}},
journal = {Chemical Geology},
year = {2012},
volume = {308-309},
number = {C},
pages = {26--39},
month = may
}

@article{Grahn1992,
author = {Grahn, Yngve and Caputo, M{\'a}rio V},
title = {{Early Silurian glaciations in Brazil}},
journal = {Palaeogeography, Palaeoclimatology, Palaeoecology},
year = {1992},
volume = {99},
number = {1},
pages = {9--15}
}

@article{Samtleben1996,
author = {Samtleben, Chr and Munnecke, A. and Bickert, T. and P{\"a}tzold, J.},
title = {{The Silurian of Gotland (Sweden): facies interpretation based on stable isotopes in brachiopod shells}},
journal = {Geologische Rundschau},
year = {1996},
volume = {85},
number = {2},
pages = {278--292}
}

@article{Samtleben2001,
author = {Samtleben, C. and Munnecke, A. and Bickert, T. and P{\"a}tzold, J.},
title = {{Shell succession, assemblage and species dependent effects on the C/O-isotopic composition of brachiopods---examples from the Silurian of Gotland}},
journal = {Chemical Geology},
year = {2001},
volume = {175},
number = {1},
pages = {61--107}
}

@article{Brand1980,
author = {Brand, U. and Veizer, J.},
title = {{Chemical diagenesis of a multicomponent carbonate system; 1, Trace elements}},
journal = {Journal of sedimentary research},
year = {1980},
volume = {50},
number = {4},
pages = {1219--1236}
}

@article{Lhomme2005,
author = {Lhomme, Nicolas},
title = {{Global budget of water isotopes inferred from polar ice sheets}},
journal = {Geophysical Research Letters},
year = {2005},
volume = {32},
number = {20},
pages = {L20502}
}

@article{Shackleton1974,
author = {Shackleton, N J and Kennett, J P},
title = {{Paleotemperature history of the Cenozoic and the initiation of Antarctic glaciation: Oxygen and Carbon isotope analyses in DSDP Sites 277, 279 and 281}},
journal = {Initial Reports of the Deep Sea Drilling Project},
year = {1974},
volume = {29},
pages = {743--756}
}

@article{Jeppsson2006,
author = {Jeppsson, Lennart and Eriksson, Mats E and Calner, Mikael},
title = {{A latest Llandovery to latest Ludlow high-resolution biostratigraphy based on the Silurian of Gotland---a summary}},
journal = {GFF},
year = {2006},
volume = {128},
number = {2},
pages = {109--114}
}

@article{Gregory1981,
author = {Gregory, R T and Taylor Jr, H P},
title = {{An oxygen isotope profile in a section of Cretaceous oceanic crust, Samail ophiolite, Oman: Evidence for δ18O buffering of the oceans by deep (> 5 km) seawater-hydrothermal circulation at mid-ocean ridges}},
journal = {Journal of Geophysical Research},
year = {1981},
volume = {86},
number = {B4},
pages = {2737--2755}
}

@article{Mabillard1985,
author = {Mabillard, J E and Aldridge, R J},
title = {{Microfossil distribution across the base of the Wenlock Series in the type area}},
journal = {Palaeontology},
year = {1985},
volume = {28},
number = {1},
pages = {89--100}
}

@article{Wallmann2004,
author = {Wallmann, K},
title = {{Impact of atmospheric CO 2and galactic cosmic radiation on Phanerozoic climate change and the marine δ 18O record}},
journal = {Geochemistry Geophysics Geosystems},
year = {2004},
volume = {5},
number = {6},
pages = {n/a--n/a},
month = jun
}

@article{Knauth1976,
author = {Knauth, L Paul and Epstein, Samuel},
title = {{Hydrogen and oxygen isotope ratios in nodular and bedded cherts}},
journal = {Geochimica et Cosmochimica Acta},
year = {1976},
volume = {40},
number = {9},
pages = {1095--1108}
}

@article{Ghosh2006,
author = {Ghosh, P and Adkins, J and Affek, H and Balta, B and Guo, W and Schauble, E and Schrag, D and Eiler, J},
title = {{13C--18O bonds in carbonate minerals: A new kind of paleothermometer}},
journal = {Geochimica et Cosmochimica Acta},
year = {2006},
volume = {70},
number = {6},
pages = {1439--1456},
month = mar
}

@article{Muehlenbachs1976,
author = {Muehlenbachs, Karlis and Clayton, R N},
title = {{Oxygen isotope composition of the oceanic crust and its bearing on seawater}},
journal = {Journal of Geophysical Research: Atmospheres (1984--2012)},
year = {1976},
volume = {81},
number = {23},
pages = {4365--4369}
}

@article{Shields2003,
author = {Shields, Graham A and Carden, Giles A F and Veizer, Jαn and Meidla, T{\~o}nu and Rong, Jia-Yu and Li, Rong-Yu},
title = {{Sr, C, and O isotope geochemistry of Ordovician brachiopods: a major isotopic event around the Middle-Late Ordovician transition}},
journal = {Geochimica et Cosmochimica Acta},
year = {2003},
volume = {67},
number = {11},
pages = {2005--2025},
month = jun
}

@article{Kim1997,
author = {Kim, S.T. and O'Neil, J.R.},
title = {{Equilibrium and nonequilibrium oxygen isotope effects in synthetic carbonates}},
journal = {Geochimica et Cosmochimica Acta},
year = {1997},
volume = {61},
number = {16},
pages = {3461--3475}
}

@article{Finnegan2011,
author = {Finnegan, S and Bergmann, K. and Eiler, J.M. and Jones, D S and Fike, D A and Eisenman, I. and Hughes, N.C. and Tripati, A.K. and Fischer, W},
title = {{The Magnitude and Duration of Late Ordovician--Early Silurian Glaciation}},
journal = {Science},
year = {2011},
volume = {331},
number = {6019},
pages = {903}
}

@article{Marshall1992,
author = {Marshall, James D},
title = {{Climatic and oceanographic isotopic signals from the carbonate rock record and their preservation}},
journal = {Geological Magazine},
year = {1992},
volume = {129},
number = {2},
pages = {143--160}
}

@article{Dennis2013,
author = {Dennis, K J and Cochran, J K and Landman, N H and Schrag, D P},
title = {{The climate of the Late Cretaceous New insights from the application of the carbonate clumped isotope thermometer to Western Interior Seaway macrofossil}},
journal = {Earth and Planetary Science Letters},
year = {2013},
volume = {362},
number = {C},
pages = {51--65},
month = jan
}

@article{Mii1994,
author = {Mii, H S and Grossman, E L},
title = {{Late Pennsylvanian seasonality reflected in the 18O and elemental composition of a brachiopod shell}},
journal = {Geology},
year = {1994},
volume = {22},
number = {7},
pages = {661--664}
}

@article{Land1995,
author = {Land, Lynton S},
title = {{Comment on" Oxygen and carbon isotopic composition of Ordovician brachiopods: Implications for coeval seawater" by H. Qing and J. Veizer}},
journal = {Geochimica et Cosmochimica Acta},
year = {1995},
volume = {59},
pages = {2843--2843}
}

@article{Aldridge1993,
author = {Aldridge, R J and Jeppsson, L. and Dorning, K J},
title = {{Early Silurian oceanic episodes and events}},
journal = {Journal of the Geological Society},
year = {1993},
volume = {150},
number = {3},
pages = {501--513}
}

@article{Torsvik1992,
author = {Torsvik, Trond H and Smethurst, Mark A and Van der Voo, Rob and Trench, Allan and Abrahamsen, Niels and Halvorsen, Erik},
title = {{Baltica. A synopsis of Vendian-Permian palaeomagnetic data and their palaeotectonic implications}},
journal = {Earth-Science Reviews},
year = {1992},
volume = {33},
number = {2},
pages = {133--152}
}

@article{Watts2000,
author = {Watts, Nigel R and Riding, Robert},
title = {{Growth of rigid high‐relief patch reefs, Mid‐Silurian, Gotland, Sweden}},
journal = {Sedimentology},
year = {2000},
volume = {47},
number = {5},
pages = {979--994}
}

@article{Kaljo2003,
author = {Kaljo, D. and Martma, T. and Mannik, P. and Viira, V.},
title = {{Implications of Gondwana glaciations in the Baltic late Ordovician and Silurian and a carbon isotopic test of environmental cyclicity}},
journal = {Bulletin de la Soci{\'e}t{\'e} g{\'e}ologique de France},
year = {2003},
volume = {174},
number = {1},
pages = {59}
}

